<record><leader>00000cas a22000007a 4500</leader><controlfield tag="001">9832238</controlfield><controlfield tag="008">830822d18691875mnuwr ne      0    0eng  </controlfield><datafield ind1=" " ind2=" " tag="010"><subfield code="a">sn 83016462 </subfield></datafield><datafield ind1=" " ind2=" " tag="040"><subfield code="a">DLC</subfield><subfield code="b">eng</subfield><subfield code="c">DLC</subfield><subfield code="d">NPX</subfield><subfield code="d">NPU</subfield><subfield code="d">MN#</subfield><subfield code="d">OCLCQ</subfield><subfield code="d">OCLCF</subfield><subfield code="d">OCLCO</subfield><subfield code="d">CUS</subfield></datafield><datafield ind1=" " ind2=" " tag="042"><subfield code="a">msc</subfield></datafield><datafield ind1=" " ind2=" " tag="043"><subfield code="a">n-us-mn</subfield></datafield><datafield ind1="0" ind2="0" tag="050"><subfield code="a">Newspaper 8445-X</subfield></datafield><datafield ind1="1" ind2="4" tag="050"><subfield code="a">AN</subfield></datafield><datafield ind1=" " ind2=" " tag="052"><subfield code="a">4144</subfield><subfield code="b">D9</subfield></datafield><datafield ind1=" " ind2=" " tag="052"><subfield code="a">4143</subfield><subfield code="b">S2</subfield></datafield><datafield ind1="0" ind2="4" tag="245"><subfield code="a">The Duluth Minnesotian.</subfield></datafield><datafield ind1="1" ind2="3" tag="246"><subfield code="a">Duluth weekly Minnesotian</subfield></datafield><datafield ind1="1" ind2="3" tag="246"><subfield code="a">Minnesotian</subfield></datafield><datafield ind1=" " ind2=" " tag="260"><subfield code="a">Duluth, Lake Superior, [Minn.] :</subfield><subfield code="b">Thomas Foster,</subfield><subfield code="c">1869-1875.</subfield></datafield><datafield ind1=" " ind2=" " tag="300"><subfield code="a">7 v.</subfield></datafield><datafield ind1=" " ind2=" " tag="310"><subfield code="a">Weekly</subfield></datafield><datafield ind1="0" ind2=" " tag="362"><subfield code="a">Vol. 1, no. 1 (Apr. Apr. 24, 1869)-v. 7, no. 20 (Sept. 4, 1895).</subfield></datafield><datafield ind1=" " ind2=" " tag="530"><subfield code="a">Available on microfilm from the Minnesota Historical Society.</subfield></datafield><datafield ind1=" " ind2=" " tag="500"><subfield code="a">Editor: Thos. H. Pressnell, &lt;1873&gt;.</subfield></datafield><datafield ind1=" " ind2="0" tag="651"><subfield code="a">Duluth (Minn.)</subfield><subfield code="v">Newspapers.</subfield></datafield><datafield ind1=" " ind2="7" tag="651"><subfield code="a">Minnesota</subfield><subfield code="z">Duluth.</subfield><subfield code="2">fast</subfield><subfield code="0">(OCoLC)fst01205305</subfield></datafield><datafield ind1=" " ind2="7" tag="655"><subfield code="a">Newspapers.</subfield><subfield code="2">fast</subfield><subfield code="0">(OCoLC)fst01423814</subfield></datafield><datafield ind1=" " ind2=" " tag="752"><subfield code="a">United States</subfield><subfield code="b">Minnesota</subfield><subfield code="c">Saint Louis</subfield><subfield code="d">Duluth.</subfield></datafield><datafield ind1="0" ind2="7" tag="785"><subfield code="t">Duluth weekly herald (Duluth, Minn. : 1873)</subfield><subfield code="w">(DLC)sn 89081119</subfield></datafield><datafield ind1="0" ind2="7" tag="785"><subfield code="t">Duluth Minnesotian-herald</subfield><subfield code="w">(DLC)sn 85025466</subfield></datafield><datafield ind1="4" ind2="1" tag="856"><subfield code="3">04/24/1869 to 09/04/1875</subfield><subfield code="u">http://infoweb.newsbank.com/?db=EANX&amp;s_browseRef=decades/1423B3AF09D73799/all.xml</subfield></datafield></record>